@article{lyngso2000rna,
  title={RNA pseudoknot prediction in energy-based models},
  author={Lyngs{\o}, Rune B and Pedersen, Christian NS},
  journal={Journal of computational biology},
  volume={7},
  number={3-4},
  pages={409--427},
  year={2000},
  publisher={Mary Ann Liebert, Inc.}
}

@article{westhof2015twenty,
  title={Twenty years of RNA crystallography},
  author={Westhof, Eric},
  journal={Rna},
  volume={21},
  number={4},
  pages={486--487},
  year={2015},
  publisher={Cold Spring Harbor Lab}
}

@article{furtig2003nmr,
  title={NMR spectroscopy of RNA},
  author={F{\"u}rtig, Boris and Richter, Christian and W{\"o}hnert, Jens and Schwalbe, Harald},
  journal={ChemBioChem},
  volume={4},
  number={10},
  pages={936--962},
  year={2003},
  publisher={Wiley Online Library}
}


@article{hofacker1999automatic,
  title={Automatic detection of conserved base pairing patterns in RNA virus genomes},
  author={Hofacker, Ivo L and Stadler, Peter F},
  journal={Computers \& chemistry},
  volume={23},
  number={3-4},
  pages={401--414},
  year={1999},
  publisher={Elsevier}
}

@article{tahi2002automatic,
  title={Automatic RNA secondary structure prediction with a comparative approach},
  author={Tahi, Fariza and Gouy, Manolo and R{\'e}gnier, Mireille},
  journal={Computers \& chemistry},
  volume={26},
  number={5},
  pages={521--530},
  year={2002},
  publisher={Elsevier}
}

@article{bellaousov2013rnastructure,
  title={RNAstructure: web servers for RNA secondary structure prediction and analysis},
  author={Bellaousov, Stanislav and Reuter, Jessica S and Seetin, Matthew G and Mathews, David H},
  journal={Nucleic acids research},
  volume={41},
  number={W1},
  pages={W471--W474},
  year={2013},
  publisher={Oxford University Press}
}

@article{rivas1999dynamic,
  title={A dynamic programming algorithm for RNA structure prediction including pseudoknots},
  author={Rivas, Elena and Eddy, Sean R},
  journal={Journal of molecular biology},
  volume={285},
  number={5},
  pages={2053--2068},
  year={1999},
  publisher={Elsevier}
}

@article{ren2005hotknots,
  title={HotKnots: heuristic prediction of RNA secondary structures including pseudoknots},
  author={Ren, Jihong and Rastegari, Baharak and Condon, Anne and Hoos, Holger H},
  journal={Rna},
  volume={11},
  number={10},
  pages={1494--1504},
  year={2005},
  publisher={Cold Spring Harbor Lab}
}

@article{ruan2004ilm,
  title={ILM: a web server for predicting RNA secondary structures with pseudoknots},
  author={Ruan, Jianhua and Stormo, Gary D and Zhang, Weixiong},
  journal={Nucleic acids research},
  volume={32},
  number={suppl\_2},
  pages={W146--W149},
  year={2004},
  publisher={Oxford University Press}
}

@article{reeder2007pknotsrg,
  title={pknotsRG: RNA pseudoknot folding including near-optimal structures and sliding windows},
  author={Reeder, Jens and Steffen, Peter and Giegerich, Robert},
  journal={Nucleic acids research},
  volume={35},
  number={suppl\_2},
  pages={W320--W324},
  year={2007},
  publisher={Oxford University Press}
}

@article{jabbari2018knotty,
  title={Knotty: efficient and accurate prediction of complex RNA pseudoknot structures},
  author={Jabbari, Hosna and Wark, Ian and Montemagno, Carlo and Will, Sebastian},
  journal={Bioinformatics},
  volume={34},
  number={22},
  pages={3849--3856},
  year={2018},
  publisher={Oxford University Press}
}

@article{sato2009centroidfold,
  title={CENTROIDFOLD: a web server for RNA secondary structure prediction},
  author={Sato, Kengo and Hamada, Michiaki and Asai, Kiyoshi and Mituyama, Toutai},
  journal={Nucleic acids research},
  volume={37},
  number={suppl\_2},
  pages={W277--W280},
  year={2009},
  publisher={Oxford University Press}
}

@article{sato2011ipknot,
  title={IPknot: fast and accurate prediction of RNA secondary structures with pseudoknots using integer programming},
  author={Sato, Kengo and Kato, Yuki and Hamada, Michiaki and Akutsu, Tatsuya and Asai, Kiyoshi},
  journal={Bioinformatics},
  volume={27},
  number={13},
  pages={i85--i93},
  year={2011},
  publisher={Oxford University Press}
}

@article{knudsen1999rna,
  title={RNA secondary structure prediction using stochastic context-free grammars and evolutionary history.},
  author={Knudsen, Bjarne and Hein, Jotun},
  journal={Bioinformatics (Oxford, England)},
  volume={15},
  number={6},
  pages={446--454},
  year={1999}
}

@article{dowell2004evaluation,
  title={Evaluation of several lightweight stochastic context-free grammars for RNA secondary structure prediction},
  author={Dowell, Robin D and Eddy, Sean R},
  journal={BMC bioinformatics},
  volume={5},
  number={1},
  pages={1--14},
  year={2004},
  publisher={Springer}
}

@article{akiyama2018max,
  title={A max-margin training of RNA secondary structure prediction integrated with the thermodynamic model},
  author={Akiyama, Manato and Sato, Kengo and Sakakibara, Yasubumi},
  journal={Journal of bioinformatics and computational biology},
  volume={16},
  number={06},
  pages={1840025},
  year={2018},
  publisher={World Scientific}
}

@article{do2006contrafold,
  title={CONTRAfold: RNA secondary structure prediction without physics-based models},
  author={Do, Chuong B and Woods, Daniel A and Batzoglou, Serafim},
  journal={Bioinformatics},
  volume={22},
  number={14},
  pages={e90--e98},
  year={2006},
  publisher={Oxford University Press}
}

@article{singh2019rna,
  title={RNA secondary structure prediction using an ensemble of two-dimensional deep neural networks and transfer learning},
  author={Singh, Jaswinder and Hanson, Jack and Paliwal, Kuldip and Zhou, Yaoqi},
  journal={Nature communications},
  volume={10},
  number={1},
  pages={1--13},
  year={2019},
  publisher={Nature Publishing Group}
}

@article{apolloni2003rna,
  title={RNA Secondary Structure Prediction by MFT Neural Networks},
  author={Apolloni, B and Lotorto, L and Morpurgo, A and Zanaboni, A},
  year={2003},
  publisher={World Scientific and Engineering Society Press}
}

@conference{grigorevcomposition,
author={Semyon Grigorev. and Polina Lunina.},
title={The Composition of Dense Neural Networks and Formal Grammars for Secondary Structure Analysis},
booktitle={Proceedings of the 12th International Joint Conference on Biomedical Engineering Systems and Technologies - Volume 3 BIOINFORMATICS: BIOINFORMATICS,},
year={2019},
pages={234-241},
publisher={SciTePress},
organization={INSTICC},
doi={10.5220/0007472302340241},
isbn={978-989-758-353-7},
}

@inproceedings{lunina2019secondary,
  title={On Secondary Structure Analysis by Using Formal Grammars and Artificial Neural Networks},
  author={Lunina, Polina and Grigorev, Semyon},
  booktitle={International Meeting on Computational Intelligence Methods for Bioinformatics and Biostatistics},
  pages={193--203},
  year={2019},
  organization={Springer}
}

@article{rivas2000language,
  title={The language of RNA: a formal grammar that includes pseudoknots},
  author={Rivas, Elena and Eddy, Sean R},
  journal={Bioinformatics},
  volume={16},
  number={4},
  pages={334--340},
  year={2000},
  publisher={Oxford University Press}
}

@conference{MQbioinformatics19,
author={Michela Quadrini. and Emanuela Merelli. and Riccardo Piergallini.},
title={Loop Grammars to Identify RNA Structural Patterns},
booktitle={Proceedings of the 12th International Joint Conference on Biomedical Engineering Systems and Technologies - Volume 3 BIOINFORMATICS: BIOINFORMATICS,},
year={2019},
pages={302-309},
publisher={SciTePress},
organization={INSTICC},
doi={10.5220/0007576603020309},
isbn={978-989-758-353-7},
}

@inproceedings{he2016deep,
  title={Deep residual learning for image recognition},
  author={He, Kaiming and Zhang, Xiangyu and Ren, Shaoqing and Sun, Jian},
  booktitle={Proceedings of the IEEE conference on computer vision and pattern recognition},
  pages={770--778},
  year={2016}
}

@inproceedings{Azimov:2018:CPQ:3210259.3210264,
author = {Azimov, Rustam and Grigorev, Semyon},
title = {Context-Free Path Querying by Matrix Multiplication},
year = {2018},
isbn = {9781450356954},
publisher = {Association for Computing Machinery},
address = {New York, NY, USA},
url = {https://doi.org/10.1145/3210259.3210264},
doi = {10.1145/3210259.3210264},
booktitle = {Proceedings of the 1st ACM SIGMOD Joint International Workshop on Graph Data Management Experiences \& Systems (GRADES) and Network Data Analytics (NDA)},
articleno = {Article 5},
numpages = {10},
keywords = {context-free path querying, matrix multiplication, context-free grammar, graph databases, GPGPU, transitive closure},
location = {Houston, Texas},
series = {GRADES-NDA â€™18}
}

@misc{chollet2015keras,
  title={Keras},
  author={Chollet, Fran\c{c}ois and others},
  year={2015},
  howpublished={\url{https://keras.io}},
}

@misc{tensorflow2015-whitepaper,
title={ {TensorFlow}: Large-Scale Machine Learning on Heterogeneous Systems},
url={https://www.tensorflow.org/},
note={Software available from tensorflow.org},
author={
    Mart\'{\i}n~Abadi and
    Ashish~Agarwal and
    Paul~Barham and
    Eugene~Brevdo and
    Zhifeng~Chen and
    Craig~Citro and
    Greg~S.~Corrado and
    Andy~Davis and
    Jeffrey~Dean and
    Matthieu~Devin and
    Sanjay~Ghemawat and
    Ian~Goodfellow and
    Andrew~Harp and
    Geoffrey~Irving and
    Michael~Isard and
    Yangqing Jia and
    Rafal~Jozefowicz and
    Lukasz~Kaiser and
    Manjunath~Kudlur and
    Josh~Levenberg and
    Dandelion~Man\'{e} and
    Rajat~Monga and
    Sherry~Moore and
    Derek~Murray and
    Chris~Olah and
    Mike~Schuster and
    Jonathon~Shlens and
    Benoit~Steiner and
    Ilya~Sutskever and
    Kunal~Talwar and
    Paul~Tucker and
    Vincent~Vanhoucke and
    Vijay~Vasudevan and
    Fernanda~Vi\'{e}gas and
    Oriol~Vinyals and
    Pete~Warden and
    Martin~Wattenberg and
    Martin~Wicke and
    Yuan~Yu and
    Xiaoqiang~Zheng},
  year={2015},
}

@article{andronescu2008rna,
  title={RNA STRAND: the RNA secondary structure and statistical analysis database},
  author={Andronescu, Mirela and Bereg, Vera and Hoos, Holger H and Condon, Anne},
  journal={BMC bioinformatics},
  volume={9},
  number={1},
  pages={1--10},
  year={2008},
  publisher={Springer}
}

@article{van2000pseudobase,
  title={PseudoBase: a database with RNA pseudoknots},
  author={Van Batenburg, FHD and Gultyaev, Alexander P and Pleij, CWA and Ng, J and Oliehoek, J},
  journal={Nucleic Acids Research},
  volume={28},
  number={1},
  pages={201--204},
  year={2000},
  publisher={Oxford University Press}
}

@article{cannone2002comparative,
  title={The comparative RNA web (CRW) site: an online database of comparative sequence and structure information for ribosomal, intron, and other RNAs},
  author={Cannone, Jamie J and Subramanian, Sankar and Schnare, Murray N and Collett, James R and D'Souza, Lisa M and Du, Yushi and Feng, Brian and Lin, Nan and Madabusi, Lakshmi V and M{\"u}ller, Kirsten M and others},
  journal={BMC bioinformatics},
  volume={3},
  number={1},
  pages={1--31},
  year={2002},
  publisher={Springer}
}

@article{sprinzl1998compilation,
  title={Compilation of tRNA sequences and sequences of tRNA genes},
  author={Sprinzl, Mathias and Horn, Carsten and Brown, Melissa and Ioudovitch, Anatoli and Steinberg, Sergey},
  journal={Nucleic acids research},
  volume={26},
  number={1},
  pages={148--153},
  year={1998},
  publisher={Oxford University Press}
}

@article{zwieb1992signal,
  title={The signal recognition particle (SRP) database},
  author={Zwieb, Christian and Larsen, Niels},
  journal={Nucleic acids research},
  volume={20},
  number={Suppl},
  pages={2207},
  year={1992},
  publisher={Oxford University Press}
}

@article{griffiths2003rfam,
  title={Rfam: an RNA family database},
  author={Griffiths-Jones, Sam and Bateman, Alex and Marshall, Mhairi and Khanna, Ajay and Eddy, Sean R},
  journal={Nucleic acids research},
  volume={31},
  number={1},
  pages={439--441},
  year={2003},
  publisher={Oxford University Press}
}

@article{berman2000protein,
  title={The protein data bank},
  author={Berman, Helen M and Westbrook, John and Feng, Zukang and Gilliland, Gary and Bhat, Talapady N and Weissig, Helge and Shindyalov, Ilya N and Bourne, Philip E},
  journal={Nucleic acids research},
  volume={28},
  number={1},
  pages={235--242},
  year={2000},
  publisher={Oxford University Press}
}


