@inproceedings{Azimov:2018:CPQ:3210259.3210264,
    author = {Azimov, Rustam and Grigorev, Semyon},
    title = {Context-Free Path Querying by Matrix Multiplication},
    year = {2018},
    isbn = {9781450356954},
    publisher = {Association for Computing Machinery},
    address = {New York, NY, USA},
    url = {https://doi.org/10.1145/3210259.3210264},
    urldate={29.05.2020},
    doi = {10.1145/3210259.3210264},
    booktitle = {Proceedings of the 1st ACM SIGMOD Joint International Workshop on Graph Data Management Experiences & Systems (GRADES) and Network Data Analytics (NDA)},
    articleno = {5},
    numpages = {10},
    keywords = {context-free grammar, graph databases, matrix multiplication, GPGPU, context-free path querying, transitive closure},
    location = {Houston, Texas},
    series = {GRADES-NDA ’18}
}

@inproceedings{azimov-evalution,
    author = {Mishin, Nikita and Sokolov, Iaroslav and Spirin, Egor and Kutuev, Vladimir and Nemchinov, Egor and Gorbatyuk, Sergey and Grigorev, Semyon},
    title = {Evaluation of the Context-Free Path Querying Algorithm Based on Matrix Multiplication},
    year = {2019},
    isbn = {9781450367899},
    publisher = {Association for Computing Machinery},
    address = {New York, NY, USA},
    url = {https://doi.org/10.1145/3327964.3328503},
    doi = {10.1145/3327964.3328503},
    booktitle = {Proceedings of the 2nd Joint International Workshop on Graph Data Management Experiences & Systems (GRADES) and Network Data Analytics (NDA)},
    articleno = {12},
    numpages = {5},
    keywords = {matrix multiplication, transitive closure, context-free grammar, graph databases, CUDA, GPGPU, boolean matrix, Context-free path querying},
    location = {Amsterdam, Netherlands},
    series = {GRADES-NDA’19}
}
  


@article{FLCpathProblem,
    author = {Barrett, Chris and Jacob, Riko and Marathe, Madhav},
    title = {Formal-Language-Constrained Path Problems},
    year = {2000},
    issue_date = {2000},
    publisher = {Society for Industrial and Applied Mathematics},
    address = {USA},
    volume = {30},
    number = {3},
    issn = {0097--5397},
    url = {https://doi.org/10.1137/S0097539798337716},
    urldate={29.05.2020},
    doi = {10.1137/S0097539798337716},
    journal = {SIAM J. Comput.},
    month = may,
    pages = {809–837},
    numpages = {29},
    keywords = {computational complexity, query processing, World Wide Web, algorithms, multicriteria problems, formal languages, shortest paths, transportation planning}
}

@article{bio-application,
    title = "Subgraph queries by context-free grammars",
    keywords = "113 Computer and information sciences",
    author = "Petteri Sevon and Lauri Eronen",
    year = "2008",
    language = "English",
    volume = "5",
    journal = "Journal of Integrative Bioinformatics : JIB",
    issn = "1613-4516",
    publisher = "BIELEFELD UNIVERSITY",
    number = "100, 16 s",
}

@inproceedings{parser-combinators,
    author = {Verbitskaia, Ekaterina and Kirillov, Ilya and Nozkin, Ilya and Grigorev, Semyon},
    title = {Parser Combinators for Context-Free Path Querying},
    year = {2018},
    isbn = {9781450358361},
    publisher = {Association for Computing Machinery},
    address = {New York, NY, USA},
    url = {https://doi.org/10.1145/3241653.3241655},
    urldate={29.05.2020},
    doi = {10.1145/3241653.3241655},
    booktitle = {Proceedings of the 9th ACM SIGPLAN International Symposium on Scala},
    pages = {13–-23},
    numpages = {11},
    keywords = {Scala, Context-Free Path Querying, Context-Free Language Reachability, Language-Constrained Path Problem, Graph Databases, Neo4j,   Parser Combinators, Generalized LL, GLL},
    location = {St. Louis, MO, USA},
    series = {Scala 2018}
}

@article{hellings-2015,
  title={Querying for Paths in Graphs using Context-Free Path Queries},
  author={Hellings, Jelle},
  journal={arXiv preprint arXiv:1502.02242},
  year={2015}
}

@inproceedings{zhlang-2016,
  author={Zhang, X. and Feng, Z. and Wang, X. and Rao, G. and Wu, W.},
  title={Context-free path queries on RDF graphs},
  booktitle={International Semantic Web Conference},
  pages={632--648},
  year={2016},
  organization={Springer}
}

@article{datascince-lifecycle,
  title={Understanding Data Science Lifecycle Provenance via Graph Segmentation and Summarization},
  author={Hui Miao and Amol Deshpande},
  journal={2019 IEEE 35th International Conference on Data Engineering (ICDE)},
  year={2019},
  pages={1710-1713}
}

@inproceedings{graph-propery-model,
  title={The Property Graph Database Model},
  author={Renzo Angles},
  booktitle={AMW},
  year={2018}
}

@InProceedings{santos-2018,
    author="Santos, Fred C.
    and Costa, Umberto S.
    and Musicante, Martin A.",
    editor="Mikkonen, Tommi
    and Klamma, Ralf
    and Hern{\'a}ndez, Juan",
    title="A Bottom-Up Algorithm for Answering Context-Free Path Queries in Graph Databases",
    booktitle="Web Engineering",
    year="2018",
    publisher="Springer International Publishing",
    address="Cham",
    pages="225--233",
    isbn="978-3-319-91662-0"
}

@inproceedings{Kuijpers:2019:ESC:3335783.3335791,
     author = {Kuijpers, Jochem and Fletcher, George and Yakovets, Nikolay and Lindaaker, Tobias},
     title = {An Experimental Study of Context-Free Path Query Evaluation Methods},
     booktitle = {Proceedings of the 31st International Conference on Scientific and Statistical Database Management},
     series = {SSDBM '19},
     year = {2019},
     isbn = {978-1-4503-6216-0},
     location = {Santa Cruz, CA, USA},
     pages = {121--132},
     numpages = {12},
     url = {http://doi.acm.org/10.1145/3335783.3335791},
     urldate={29.05.2020},
     doi = {10.1145/3335783.3335791},
     acmid = {3335791},
     publisher = {ACM},
     address = {New York, NY, USA},
}

@inproceedings{cypher-language,
    author = {Francis, Nadime and Taylor, Andrés and Green, Alastair and Guagliardo, Paolo and Libkin, Leonid and Lindaaker, Tobias and Marsault, Victor and Plantikow, Stefan and Rydberg, Mats and Selmer, Petra},
    year = {2018},
    month = {05},
    pages = {1433-1445},
    title = {Cypher: An Evolving Query Language for Property Graphs},
    doi = {10.1145/3183713.3190657}
}

@online{geospices,
  title={The GeoSpecies Knowledge Base ontology},
  author={Peter, DeVries},
  year={2009},
  url={http://rdf.geospecies.org/geospecies.rdf.gz},
  urldate={29.05.2020},
}

@inproceedings{graph-blas,
  title={GraphBLAS Mathematics - Provisional Release 1.0},
  author={Jeremy, Kepner},
  year={2017},
  url={http://www.mit.edu/~kepner/GraphBLAS/GraphBLAS-Math-release.pdf},
  urldate={29.05.2020}
}

@online{redis-graph,
  title        = "RedisGraph. Graph database module for Redis",
  url          = "https://oss.redislabs.com/redisgraph",
  urldate={29.05.2020},
}

@online{neo4j,
  title        = "Neo4j",
  url          = "https://neo4j.com",
  urldate={29.05.2020},
}

@online{redis,
  title        = "Redis. Open source (BSD licensed), in-memory data structure store",
  url          = "https://redis.io",
  urldate={29.05.2020},
}

@online{suite-sparse,
  title        = "SuiteSparse. A suite of sparse matrix software",
  url          = "http://faculty.cse.tamu.edu/davis",
  urldate={29.05.2020},
}

@online{cypher-specification,
  title        = "Cypher extention. CIP2017-02-06 Path Patterns",
  url          = "https://github.com/thobe/openCypher/blob/rpq/cip/1.accepted/CIP2017-02-06-Path-Patterns.adoc",
  urldate={29.05.2020},
}

@online{cfpq-data,
  title        = "CFPQ\_Data. Graphs and grammars for experimental analysis of context-free path querying algorithms",
  url          = "https://github.com/JetBrains-Research/CFPQ\_Data",
  urldate={29.05.2020},
}

@online{github,
  title        = "RedisGraph fork. Context-free path queries support",
  url          = "https://github.com/YaccConstructor/RedisGraph/tree/path_patterns",
  urldate={29.05.2020},
}

@online{docker,
  title="Docker containter with RedisGraph fork. Context-free path queries support",
  url="https://hub.docker.com/r/simpletondl/redisgraph",
  urldate={29.05.2020},
}
