@book{robinson2015graph,
  title={Graph Databases: New Opportunities for Connected Data},
  author={Robinson, I. and Webber, J. and Eifrem, E.},
  isbn={9781491930847},
  year={2015},
  publisher={O'Reilly Media}
}

@inproceedings{10.1145/2463664.2465216,
author = {Barcel\'{o} Baeza, Pablo},
title = {Querying Graph Databases},
year = {2013},
isbn = {9781450320665},
publisher = {Association for Computing Machinery},
address = {New York, NY, USA},
url = {https://doi.org/10.1145/2463664.2465216},
doi = {10.1145/2463664.2465216},
booktitle = {Proceedings of the 32nd ACM SIGMOD-SIGACT-SIGAI Symposium on Principles of Database Systems},
pages = {175–188},
numpages = {14},
location = {New York, New York, USA},
series = {PODS '13}
}

@article{rna,
author = {Anderson, James and Novák, Adám and Sükösd, Zsuzsanna and Golden, Michael and Arunapuram, Preeti and Edvardsson, Ingolfur and Hein, Jotun},
year = {2013},
month = {05},
pages = {149},
title = {Quantifying variances in comparative RNA secondary structure prediction},
volume = {14},
journal = {BMC bioinformatics},
doi = {10.1186/1471-2105-14-149}
}

@article{10.1145/2499370.2462159,
author = {Zhang, Qirun and Lyu, Michael R. and Yuan, Hao and Su, Zhendong},
title = {Fast Algorithms for Dyck-CFL-Reachability with Applications to Alias Analysis},
year = {2013},
issue_date = {June 2013},
publisher = {Association for Computing Machinery},
address = {New York, NY, USA},
volume = {48},
number = {6},
issn = {0362-1340},
url = {https://doi.org/10.1145/2499370.2462159},
doi = {10.1145/2499370.2462159},
journal = {SIGPLAN Not.},
pages = {435–446},
numpages = {12},
}

@article{arcbool,
author = {Shemetova, Ekaterina and Grigorev, Semyon},
year = {2019},
month = {10},
pages = {211-226},
title = {Path querying on acyclic graphs using Boolean grammars},
volume = {31},
journal = {Proceedings of the Institute for System Programming of RAS},
doi = {10.15514/ISPRAS-2019-31(4)-14}
}

@online{cypher,
  title = {Neo4j’s Graph Query Language: An Introduction to Cyphe.},
  url = {https://neo4j.com/developer/cypher/},
  urldate = {2020-12-14}
}

@InProceedings{10.1007/978-3-319-91662-0_17,
author="Santos, Fred C.
and Costa, Umberto S.
and Musicante, Martin A.",
editor="Mikkonen, Tommi
and Klamma, Ralf
and Hern{\'a}ndez, Juan",
title="A Bottom-Up Algorithm for Answering Context-Free Path Queries in Graph Databases",
booktitle="Web Engineering",
year="2018",
publisher="Springer International Publishing",
address="Cham",
pages="225--233",
isbn="978-3-319-91662-0"
}

@inproceedings{10.1145/3210259.3210264,
author = {Azimov, Rustam and Grigorev, Semyon},
title = {Context-Free Path Querying by Matrix Multiplication},
year = {2018},
isbn = {9781450356954},
publisher = {Association for Computing Machinery},
address = {New York, NY, USA},
url = {https://doi.org/10.1145/3210259.3210264},
doi = {10.1145/3210259.3210264},
articleno = {5},
numpages = {10},
location = {Houston, Texas},
series = {GRADES-NDA '18}
}

@misc{zhang2016contextfree,
      title={Context-Free Path Queries on RDF Graphs}, 
      author={Xiaowang Zhang and Zhiyong Feng and Xin Wang and Guozheng Rao and Wenrui Wu},
      year={2016},
      eprint={1506.00743},
      archivePrefix={arXiv},
      primaryClass={cs.DB}
}

@misc{hellings2016querying,
      title={Querying for Paths in Graphs using Context-Free Path Queries}, 
      author={Jelle Hellings},
      year={2016},
      eprint={1502.02242},
      archivePrefix={arXiv},
      primaryClass={cs.DB}
}

@misc{hellings2016querying,
      title={Querying for Paths in Graphs using Context-Free Path Queries}, 
      author={Jelle Hellings},
      year={2016},
      eprint={1502.02242},
      archivePrefix={arXiv},
      primaryClass={cs.DB}
}

@misc{medeiros2020algorithm,
      title={An Algorithm for Context-Free Path Queries over Graph Databases}, 
      author={Ciro M. Medeiros and Martin A. Musicante and Umberto S. Costa},
      year={2020},
      eprint={2004.03477},
      archivePrefix={arXiv},
      primaryClass={cs.DB}
}

@inproceedings{10.1145/3335783.3335791,
author = {Kuijpers, Jochem and Fletcher, George and Yakovets, Nikolay and Lindaaker, Tobias},
title = {An Experimental Study of Context-Free Path Query Evaluation Methods},
year = {2019},
isbn = {9781450362160},
publisher = {Association for Computing Machinery},
address = {New York, NY, USA},
url = {https://doi.org/10.1145/3335783.3335791},
doi = {10.1145/3335783.3335791},
booktitle = {Proceedings of the 31st International Conference on Scientific and Statistical Database Management},
pages = {121–132},
numpages = {12},
location = {Santa Cruz, CA, USA},
series = {SSDBM '19}
}

@article{SCOTT2010177,
title = "GLL Parsing",
journal = "Electronic Notes in Theoretical Computer Science",
volume = "253",
number = "7",
pages = "177 - 189",
year = "2010",
note = "Proceedings of the Ninth Workshop on Language Descriptions Tools and Applications (LDTA 2009)",
issn = "1571-0661",
doi = "https://doi.org/10.1016/j.entcs.2010.08.041",
url = "http://www.sciencedirect.com/science/article/pii/S1571066110001209",
author = "Elizabeth Scott and Adrian Johnstone"
}

@inproceedings{10.5555/1623611.1623625,
author = {Tomita, Masaru},
title = {An Efficient Context-Free Parsing Algorithm for Natural Languages},
year = {1985},
isbn = {0934613028},
publisher = {Morgan Kaufmann Publishers Inc.},
address = {San Francisco, CA, USA},
booktitle = {Proceedings of the 9th International Joint Conference on Artificial Intelligence - Volume 2},
pages = {756–764},
numpages = {9},
location = {Los Angeles, California},
series = {IJCAI'85}
}

@inproceedings{10.1145/3166094.3166104,
author = {Grigorev, Semyon and Ragozina, Anastasiya},
title = {Context-Free Path Querying with Structural Representation of Result},
year = {2017},
isbn = {9781450363969},
publisher = {Association for Computing Machinery},
address = {New York, NY, USA},
url = {https://doi.org/10.1145/3166094.3166104},
doi = {10.1145/3166094.3166104},
booktitle = {Proceedings of the 13th Central &amp; Eastern European Software Engineering Conference in Russia},
articleno = {10},
numpages = {7},
location = {St. Petersburg, Russia},
series = {CEE-SECR '17}
}

@book{neo4j,
  title={Beginning Neo4j},
  author={Kemper, Chris},
  isbn={9781484212271},
  year={2015},
  publisher={Apress}
}
