@inproceedings{Azimov:2018:CPQ:3210259.3210264,
 author = {Azimov, Rustam and Grigorev, Semyon},
 title = {Context-free Path Querying by Matrix Multiplication},
 booktitle = {Proceedings of the 1st ACM SIGMOD Joint International Workshop on Graph Data Management Experiences \& Systems (GRADES) and Network Data Analytics (NDA)},
 series = {GRADES-NDA '18},
 year = {2018},
 isbn = {978-1-4503-5695-4},
 location = {Houston, Texas},
 pages = {5:1--5:10},
 articleno = {5},
 numpages = {10},
 url = {http://doi.acm.org/10.1145/3210259.3210264},
 doi = {10.1145/3210259.3210264},
 acmid = {3210264},

}

@inproceedings{all-path2021,
	author = {Azimov, Rustam and Epelbaum, Ilya and Grigorev, Semyon},
	title = {Context-Free Path Querying with All-Path Semantics by Matrix Multiplication},
	booktitle = {Proceedings of the 4th Joint International Workshop on Graph Data Management Experiences \& Systems (GRADES) and Network Data Analytics (NDA)},
	series = {GRADES-NDA '21},
	year = {2021}
	isbn = {978-1-4503-8477-3/21/06},
	location = {Virtual Event, China},
	numpages = {7},
	url = {http://doi.acm.org/10.1145/3461837.3464513},
	doi = {10.1145/3461837.3464513},
	
} 


@inproceedings{kron,
	title={Context-Free Path Querying by Kronecker Product},
	author={Orachev, Egor and Epelbaum, Ilya and Azimov, Rustam and Grigorev, Semyon},
	booktitle={European Conference on Advances in Databases and Information Systems},
	pages={49--59},
	year={2020},
	organization={Springer}
}