@inproceedings{firstGDB,
 author = {Yannakakis, Mihalis},
 title = {Graph-theoretic Methods in Database Theory},
 booktitle = {Proceedings of the Ninth ACM SIGACT-SIGMOD-SIGART Symposium on Principles of Database Systems},
 series = {PODS '90},
 year = {1990},
 isbn = {0-89791-352-3},
 location = {Nashville, Tennessee, USA},
 pages = {230--242},
 numpages = {13},
 url = {http://doi.acm.org/10.1145/298514.298576},
 doi = {10.1145/298514.298576},
 acmid = {298576},
 publisher = {ACM},
 address = {New York, NY, USA},
} 
@inproceedings{Stat,
 author = {Reps, Thomas},
 title = {Program Analysis via Graph Reachability},
 booktitle = {Proceedings of the 1997 International Symposium on Logic Programming},
 series = {ILPS '97},
 year = {1997},
 isbn = {0-262-63180-6},
 location = {Port Washington, New York, USA},
 pages = {5--19},
 numpages = {15},
 url = {http://dl.acm.org/citation.cfm?id=271338.271343},
 acmid = {271343},
 publisher = {MIT Press},
 address = {Cambridge, MA, USA},
} 

@article{Bio,
title = "Subgraph queries by context-free grammars",
keywords = "113 Computer and information sciences",
author = "Petteri Sevon and Lauri Eronen",
year = "2008",
language = "English",
volume = "5",
journal = "Journal of Integrative Bioinformatics : JIB",
issn = "1613-4516",
publisher = "BIELEFELD UNIVERSITY",
number = "100, 16 s",
}
@article{RDF,
  author    = {Xiaowang Zhang and
               Zhiyong Feng and
               Xin Wang and
               Guozheng Rao},
  title     = {Context-Free Path Queries on {RDF} Graphs},
  journal   = {CoRR},
  volume    = {abs/1506.00743},
  year      = {2015},
  url       = {http://arxiv.org/abs/1506.00743},
  archivePrefix = {arXiv},
  eprint    = {1506.00743},
  timestamp = {Mon, 13 Aug 2018 16:47:08 +0200},
  biburl    = {https://dblp.org/rec/bib/journals/corr/ZhangFWR15},
  bibsource = {dblp computer science bibliography, https://dblp.org}
}
@article{alg_matrix,
  author    = {Rustam Azimov and
               Semyon Grigorev},
  title     = {Graph Parsing by Matrix Multiplication},
  journal   = {CoRR},
  volume    = {abs/1707.01007},
  year      = {2017},
  url       = {http://arxiv.org/abs/1707.01007},
  archivePrefix = {arXiv},
  eprint    = {1707.01007},
  timestamp = {Mon, 13 Aug 2018 16:46:16 +0200},
  biburl    = {https://dblp.org/rec/bib/journals/corr/AzimovG17},
  bibsource = {dblp computer science bibliography, https://dblp.org}
}
@inproceedings{oper_matrix,
title = "An experimental study of context-free path query evaluation methods",
author = "Jochem Kuijpers and George Fletcher and Nikolay Yakovets and Tobias Lindaaker",
year = "2019",
month = "7",
day = "23",
doi = "10.1145/3335783.3335791",
language = "English",
pages = "121--132",
editor = "Tanu Malik and Carlos Maltzahn and Ivo Jimenez",
booktitle = "Proceedings of the 31st International Conference on Scientific and Statistical Database Management, SSDBM 2019",
publisher = "Association for Computing Machinery, Inc",
address = "United States",
}
@inproceedings{mishin,
 author = {Mishin, Nikita and Sokolov, Iaroslav and Spirin, Egor and Kutuev, Vladimir and Nemchinov, Egor and Gorbatyuk, Sergey and Grigorev, Semyon},
 title = {Evaluation of the Context-Free Path Querying Algorithm Based on Matrix Multiplication},
 booktitle = {Proceedings of the 2Nd Joint International Workshop on Graph Data Management Experiences \& Systems (GRADES) and Network Data Analytics (NDA)},
 series = {GRADES-NDA'19},
 year = {2019},
 isbn = {978-1-4503-6789-9},
 location = {Amsterdam, Netherlands},
 pages = {12:1--12:5},
 articleno = {12},
 numpages = {5},
 url = {http://doi.acm.org/10.1145/3327964.3328503},
 doi = {10.1145/3327964.3328503},
 acmid = {3328503},
 publisher = {ACM},
 address = {New York, NY, USA},
 keywords = {CUDA, Context-free path querying, GPGPU, boolean matrix, context-free grammar, graph databases, matrix multiplication, transitive closure},
}
@article{GLR,
 author = {Tomita, Masaru},
 title = {An Efficient Augmented-context-free Parsing Algorithm},
 journal = {Comput. Linguist.},
 issue_date = {January-June},
 volume = {13},
 number = {1-2},
 year = {1987},
 issn = {0891-2017},
 pages = {31--46},
 numpages = {16},
 url = {http://dl.acm.org/citation.cfm?id=26386.26390},
 acmid = {26390},
 publisher = {MIT Press},
 address = {Cambridge, MA, USA},
} 
@article{Hellings15,
  author    = {Jelle Hellings},
  title     = {Path Results for Context-free Grammar Queries on Graphs},
  journal   = {CoRR},
  volume    = {abs/1502.02242},
  year      = {2015},
  url       = {http://arxiv.org/abs/1502.02242},
  archivePrefix = {arXiv},
  eprint    = {1502.02242},
  timestamp = {Mon, 13 Aug 2018 16:49:14 +0200},
  biburl    = {https://dblp.org/rec/bib/journals/corr/Hellings15},
  bibsource = {dblp computer science bibliography, https://dblp.org}
}
@phdthesis{Tomita,
 author = {Tomita, Masaru},
 title = {An Efficient Context-free Parsing Algorithm for Natural Languages and Its Applications},
 year = {1985},
 note = {AAI8517539},
 publisher = {Carnegie Mellon University},
 address = {Pittsburgh, PA, USA},
} 
@book{CYK,
title = "Parsing Techniques: A Practical Guide, 2nd edition",
author = "D. Grune and C.J.H. Jacobs",
note = "ptapg07",
year = "2008",
language = "English",
isbn = "9780387202488",
series = "Monographs in Computer Science",
publisher = "Springer",
}
@article{GLL,
 author = {Scott, Elizabeth and Johnstone, Adrian},
 title = {GLL Parsing},
 journal = {Electron. Notes Theor. Comput. Sci.},
 issue_date = {September, 2010},
 volume = {253},
 number = {7},
 year = {2010},
 issn = {1571-0661},
 pages = {177--189},
 numpages = {13},
 url = {http://dx.doi.org/10.1016/j.entcs.2010.08.041},
 doi = {10.1016/j.entcs.2010.08.041},
 acmid = {1860320},
 publisher = {Elsevier Science Publishers B. V.},
 address = {Amsterdam, The Netherlands, The Netherlands},
 keywords = {RNGLR and RIGLR parsing, context free languages, generalised parsing, recursive descent},
} 
@article{Scott,
 author = {Scott, Elizabeth and Johnstone, Adrian},
 title = {Right Nulled GLR Parsers},
 journal = {ACM Trans. Program. Lang. Syst.},
 issue_date = {July 2006},
 volume = {28},
 number = {4},
 year = {2006},
 issn = {0164-0925},
 pages = {577--618},
 numpages = {42},
 url = {http://doi.acm.org/10.1145/1146809.1146810},
 doi = {10.1145/1146809.1146810},
 acmid = {1146810},
 publisher = {ACM},
 address = {New York, NY, USA},
 keywords = {General context-free grammars, generalized LR parsing},
} 
@inproceedings{GGLL,
 author = {Grigorev, Semyon and Ragozina, Anastasiya},
 title = {Context-free Path Querying with Structural Representation of Result},
 booktitle = {Proceedings of the 13th Central \& Eastern European Software Engineering Conference in Russia},
 series = {CEE-SECR '17},
 year = {2017},
 isbn = {978-1-4503-6396-9},
 location = {St. Petersburg, Russia},
 pages = {10:1--10:7},
 articleno = {10},
 numpages = {7},
 url = {http://doi.acm.org/10.1145/3166094.3166104},
 doi = {10.1145/3166094.3166104},
 acmid = {3166104},
 publisher = {ACM},
 address = {New York, NY, USA},
 keywords = {CFPQ, GLL, LL, context-free grammar, graph database, graph parsing, path query, top-down parsing},
}
@article{rec,
author = {Alur, Rajeev and Benedikt, Michael and Etessami, Kousha and Godefroid, Patrice and Reps, Thomas and Yannakakis, Mihalis},
title = {Analysis of Recursive State Machines},
year = {2005},
issue_date = {July 2005},
publisher = {Association for Computing Machinery},
address = {New York, NY, USA},
volume = {27},
number = {4},
issn = {0164-0925},
url = {https://doi.org/10.1145/1075382.1075387},
doi = {10.1145/1075382.1075387},
journal = {ACM Trans. Program. Lang. Syst.},
pages = {786â€“818},
numpages = {33},
keywords = {context-free languages, temporal logic, program analysis, Software verification, recursive state machines, model checking, pushdown automata}
}
@article{Benson,
 author = {Benson, Austin R. and Ballard, Grey},
 title = {A Framework for Practical Parallel Fast Matrix Multiplication},
 journal = {SIGPLAN Not.},
 issue_date = {August 2015},
 volume = {50},
 number = {8},
 year = {2015},
 issn = {0362-1340},
 pages = {42--53},
 numpages = {12},
 url = {http://doi.acm.org/10.1145/2858788.2688513},
 doi = {10.1145/2858788.2688513},
 acmid = {2688513},
 publisher = {ACM},
 address = {New York, NY, USA},
 keywords = {dense linear algebra, fast matrix multiplication, parallel linear algebra, shared memory},
} 
@article{DBLP,
  author    = {Pieter Cailliau and
               Tim Davis and
               Vijay Gadepally and
               Jeremy Kepner and
               Roi Lipman and
               Jeffrey Lovitz and
               Keren Ouaknine},
  title     = {RedisGraph GraphBLAS Enabled Graph Database},
  journal   = {CoRR},
  volume    = {abs/1905.01294},
  year      = {2019},
  url       = {http://arxiv.org/abs/1905.01294},
  archivePrefix = {arXiv},
  eprint    = {1905.01294},
  timestamp = {Mon, 27 May 2019 13:15:00 +0200},
  biburl    = {https://dblp.org/rec/bib/journals/corr/abs-1905-01294},
  bibsource = {dblp computer science bibliography, https://dblp.org}
}
@article{MathInGB,
  author    = {Jeremy Kepner and
               Peter Aaltonen and
               David A. Bader and
               Aydin Bulu{\c{c}} and
               Franz Franchetti and
               John R. Gilbert and
               Dylan Hutchison and
               Manoj Kumar and
               Andrew Lumsdaine and
               Henning Meyerhenke and
               Scott McMillan and
               Jos{\'{e}} E. Moreira and
               John D. Owens and
               Carl Yang and
               Marcin Zalewski and
               Timothy G. Mattson},
  title     = {Mathematical Foundations of the GraphBLAS},
  journal   = {CoRR},
  volume    = {abs/1606.05790},
  year      = {2016},
  url       = {http://arxiv.org/abs/1606.05790},
  archivePrefix = {arXiv},
  eprint    = {1606.05790},
  timestamp = {Mon, 13 Aug 2018 16:46:59 +0200},
  biburl    = {https://dblp.org/rec/bib/journals/corr/KepnerABBFGHKLM16},
  bibsource = {dblp computer science bibliography, https://dblp.org}
}