@article{gunrockmodel,
  title={Gunrock: A High-Performance Graph Processing Library on the GPU},
  author={Yangzihao Wang and Andrew Davidson and Yuechao Pan and Yuduo Wu and Andy Riffel and John D. Owens},
  year={2015},
}

@article{intersection,
  title={Counting Triangles in Large Graphs on GPU},
   journal={2016 IEEE International Parallel and Distributed Processing Symposium Workshops (IPDPSW)},
   publisher={IEEE},
   author={Polak, Adam},
   year={2016},
}

@article{hadamard,
  author = {Elizabeth Million},
  title = {The Hadamard Product},
  year = {2007}
}
 
@article{gbarticle,
  title={GraphBLAST: A High-Performance Linear Algebra-based Graph Framework on the GPU},
  author={Carl Yang and Aydin Buluç and John Douglas Owens},
  journal={ArXiv},
  year={2019}
}

@article{Zhang2016GBTLCUDAGA,
  title={GBTL-CUDA: Graph Algorithms and Primitives for GPUs},
  author={Peter Zhang and Marcin Zalewski and Andrew Lumsdaine and Samantha Misurda and Scott McMillan},
  journal={2016 IEEE International Parallel and Distributed Processing Symposium Workshops (IPDPSW)},
  year={2016},
  pages={912-920}
}
@article{gpucuda,
  author = {M. {Bisson} and M. {Fatica}},
  journal = {IEEE Transactions on Parallel and Distributed Systems},
  title = {High Performance Exact Triangle Counting on GPUs},
  year = {2017},
}

@article{Wang_2016,
   title={A Comparative Study on Exact Triangle Counting Algorithms on the GPU},
   journal={Proceedings of the ACM Workshop on High Performance Graph Processing - HPGP  ’16},
   publisher={ACM Press},
   author={Wang, Leyuan and Wang, Yangzihao and Yang, Carl and Owens, John D.},
   year={2016}
}

@article{suitesparse,
  author = {T. A. {Davis}},
  title = {Graph algorithms via SuiteSparse: GraphBLAS: triangle counting and K-truss},
  journal = {IEEE High Performance extreme Computing Conference (HPEC)},
  year = {2018}
}


@article{Gustavson,
author = {Gustavson, Fred G.},
title = {Two Fast Algorithms for Sparse Matrices: Multiplication and Permuted Transposition},
year = {1978},
journal = {ACM Trans. Math. Softw.},
}

@article{Cohen,
author={J. {Cohen}},
journal={Computing in Science   Engineering}, 
title={Graph Twiddling in a MapReduce World}, 
year={2009},
pages={29-41},
}

@online{gr,
 title = {GraphBLAST implementation},
 url = {https://github.com/gunrock/graphblast},
 urldate = "05.06.2020"
}

@online{data,
 title = {Source for real graphs},
 url = {http://snap.stanford.edu/data/},
 urldate = "05.06.2020"
}