@article{vandivier2016conservation,
  title={The conservation and function of RNA secondary structure in plants},
  author={Vandivier, Lee E and Anderson, Stephen J and Foley, Shawn W and Gregory, Brian D},
  journal={Annual review of plant biology},
  volume={67},
  pages={463--488},
  year={2016},
  publisher={Annual Reviews}
}

@inproceedings{yoon2004hmm,
  title={HMM with auxiliary memory: a new tool for modeling RNA structures},
  author={Yoon, Byung-Jun and Vaidynathan, PP},
  booktitle={Conference Record of the Thirty-Eighth Asilomar Conference on Signals, Systems and Computers, 2004.},
  volume={2},
  pages={1651--1655},
  year={2004},
  organization={IEEE}
}

@article{sippl1999biological,
  title={Biological sequence analysis. Probabilistic models of proteins and nucleic acids, edited by R. Durbin, S. Eddy, A. Krogh, and G. Mitchinson. 1998. Cambridge: Cambridge University Press. 356 pp.{\pounds} 55.00 ($80.00)(hardcover);{\pounds} 19.95 ($34.95)},
  author={Sippl, Manfred J},
  journal={Protein Science},
  volume={8},
  number={3},
  pages={695--695},
  year={1999},
  publisher={Cambridge University Press}
}

@article{dowell2004evaluation,
  title={Evaluation of several lightweight stochastic context-free grammars for RNA secondary structure prediction},
  author={Dowell, Robin D and Eddy, Sean R},
  journal={BMC bioinformatics},
  volume={5},
  number={1},
  pages={1--14},
  year={2004},
  publisher={Springer}
}

@article{knudsen1999rna,
  title={RNA secondary structure prediction using stochastic context-free grammars and evolutionary history.},
  author={Knudsen, Bjarne and Hein, Jotun},
  journal={Bioinformatics (Oxford, England)},
  volume={15},
  number={6},
  pages={446--454},
  year={1999}
}

@article{rivas2000language,
  title={The language of RNA: a formal grammar that includes pseudoknots},
  author={Rivas, Elena and Eddy, Sean R},
  journal={Bioinformatics},
  volume={16},
  number={4},
  pages={334--340},
  year={2000},
  publisher={Oxford University Press}
}

@inproceedings{higashi2009bacteria,
  title={Bacteria classification based on 16S ribosomal gene using artificial neural networks},
  author={Higashi, SUSAN and Hungria, Mariangela and Brunetto, MADC},
  booktitle={Proceedings of the 8th WSEAS International Conference on Computational intelligence, man-machine systems and cybernetics},
  pages={86--91},
  year={2009}
}

@article{sherman2017humidor,
  title={Humidor: Microbial community classification of the 16s gene by training cigar strings with convolutional neural networks},
  author={Sherman, Douglas},
  year={2017}
}

@inproceedings{grigorev2019composition,
  title={The Composition of Dense Neural Networks and Formal Grammars for Secondary Structure Analysis.},
  author={Grigorev, Semyon and Lunina, Polina},
  booktitle={BIOINFORMATICS},
  pages={234--241},
  year={2019}
}

@inproceedings{quadrini2019loop,
  title={Loop Grammars to Identify RNA Structural Patterns.},
  author={Quadrini, Michela and Merelli, Emanuela and Piergallini, Riccardo},
  booktitle={BIOINFORMATICS},
  pages={302--309},
  year={2019}
}

@article{wada1986local,
  title={Local stability of DNA and RNA secondary structure and its relation to biological functions},
  author={Wada, Akiyoshi and Suyama, Akira},
  journal={Progress in biophysics and molecular biology},
  volume={47},
  number={2},
  pages={113--157},
  year={1986},
  publisher={Elsevier}
}

@article{vrehakova2014variation,
  title={Variation in secondary structure of the 16S rRNA molecule in cyanobacteria with implications for phylogenetic analysis},
  author={{\v{R}}eh{\'a}kov{\'a}, Kl{\'a}ra and Johansen, Jeffrey R and Bowen, Mary B and Martin, Michael P and Sheil, Christopher A and others},
  journal={Fottea},
  volume={14},
  number={2},
  pages={161--178},
  year={2014},
  publisher={Fottea}
}

@article{miladi2017rnascclust,
  title={RNAscClust: clustering RNA sequences using structure conservation and graph based motifs},
  author={Miladi, Milad and Junge, Alexander and Costa, Fabrizio and Seemann, Stefan E and Havgaard, Jakob Hull and Gorodkin, Jan and Backofen, Rolf},
  journal={Bioinformatics},
  volume={33},
  number={14},
  pages={2089--2096},
  year={2017},
  publisher={Oxford University Press}
}

@article{westhof2015twenty,
  title={Twenty years of RNA crystallography},
  author={Westhof, Eric},
  journal={Rna},
  volume={21},
  number={4},
  pages={486--487},
  year={2015},
  publisher={Cold Spring Harbor Lab}
}

@article{furtig2003nmr,
  title={NMR spectroscopy of RNA},
  author={F{\"u}rtig, Boris and Richter, Christian and W{\"o}hnert, Jens and Schwalbe, Harald},
  journal={ChemBioChem},
  volume={4},
  number={10},
  pages={936--962},
  year={2003},
  publisher={Wiley Online Library}
}

@article{gutell2002accuracy,
  title={The accuracy of ribosomal RNA comparative structure models},
  author={Gutell, Robin R and Lee, Jung C and Cannone, Jamie J},
  journal={Current opinion in structural biology},
  volume={12},
  number={3},
  pages={301--310},
  year={2002},
  publisher={Elsevier}
}

@article{chen1999rna,
  title={RNA secondary structure and compensatory evolution},
  author={Chen, Ying and Carlini, David B and Baines, John F and Parsch, John and Braverman, John M and Tanda, Soichi and Stephan, Wolfgang},
  journal={Genes \& genetic systems},
  volume={74},
  number={6},
  pages={271--286},
  year={1999},
  publisher={The Genetics Society of Japan}
}

@article{bellaousov2013rnastructure,
  title={RNAstructure: web servers for RNA secondary structure prediction and analysis},
  author={Bellaousov, Stanislav and Reuter, Jessica S and Seetin, Matthew G and Mathews, David H},
  journal={Nucleic acids research},
  volume={41},
  number={W1},
  pages={W471--W474},
  year={2013},
  publisher={Oxford University Press}
}

@article{rivas1999dynamic,
  title={A dynamic programming algorithm for RNA structure prediction including pseudoknots},
  author={Rivas, Elena and Eddy, Sean R},
  journal={Journal of molecular biology},
  volume={285},
  number={5},
  pages={2053--2068},
  year={1999},
  publisher={Elsevier}
}

@article{ren2005hotknots,
  title={HotKnots: heuristic prediction of RNA secondary structures including pseudoknots},
  author={Ren, Jihong and Rastegari, Baharak and Condon, Anne and Hoos, Holger H},
  journal={Rna},
  volume={11},
  number={10},
  pages={1494--1504},
  year={2005},
  publisher={Cold Spring Harbor Lab}
}

@article{ruan2004ilm,
  title={ILM: a web server for predicting RNA secondary structures with pseudoknots},
  author={Ruan, Jianhua and Stormo, Gary D and Zhang, Weixiong},
  journal={Nucleic acids research},
  volume={32},
  number={suppl\_2},
  pages={W146--W149},
  year={2004},
  publisher={Oxford University Press}
}

@article{reeder2007pknotsrg,
  title={pknotsRG: RNA pseudoknot folding including near-optimal structures and sliding windows},
  author={Reeder, Jens and Steffen, Peter and Giegerich, Robert},
  journal={Nucleic acids research},
  volume={35},
  number={suppl\_2},
  pages={W320--W324},
  year={2007},
  publisher={Oxford University Press}
}

@article{jabbari2018knotty,
  title={Knotty: efficient and accurate prediction of complex RNA pseudoknot structures},
  author={Jabbari, Hosna and Wark, Ian and Montemagno, Carlo and Will, Sebastian},
  journal={Bioinformatics},
  volume={34},
  number={22},
  pages={3849--3856},
  year={2018},
  publisher={Oxford University Press}
}

@article{hamada2009prediction,
  title={Prediction of RNA secondary structure using generalized centroid estimators},
  author={Hamada, Michiaki and Kiryu, Hisanori and Sato, Kengo and Mituyama, Toutai and Asai, Kiyoshi},
  journal={Bioinformatics},
  volume={25},
  number={4},
  pages={465--473},
  year={2009},
  publisher={Oxford University Press}
}

@article{sato2009centroidfold,
  title={CENTROIDFOLD: a web server for RNA secondary structure prediction},
  author={Sato, Kengo and Hamada, Michiaki and Asai, Kiyoshi and Mituyama, Toutai},
  journal={Nucleic acids research},
  volume={37},
  number={suppl\_2},
  pages={W277--W280},
  year={2009},
  publisher={Oxford University Press}
}

@article{sato2011ipknot,
  title={IPknot: fast and accurate prediction of RNA secondary structures with pseudoknots using integer programming},
  author={Sato, Kengo and Kato, Yuki and Hamada, Michiaki and Akutsu, Tatsuya and Asai, Kiyoshi},
  journal={Bioinformatics},
  volume={27},
  number={13},
  pages={i85--i93},
  year={2011},
  publisher={Oxford University Press}
}

@article{akiyama2018max,
  title={A max-margin training of RNA secondary structure prediction integrated with the thermodynamic model},
  author={Akiyama, Manato and Sato, Kengo and Sakakibara, Yasubumi},
  journal={Journal of bioinformatics and computational biology},
  volume={16},
  number={06},
  pages={1840025},
  year={2018},
  publisher={World Scientific}
}

@article{do2006contrafold,
  title={CONTRAfold: RNA secondary structure prediction without physics-based models},
  author={Do, Chuong B and Woods, Daniel A and Batzoglou, Serafim},
  journal={Bioinformatics},
  volume={22},
  number={14},
  pages={e90--e98},
  year={2006},
  publisher={Oxford University Press}
}

@article{singh2019rna,
  title={RNA secondary structure prediction using an ensemble of two-dimensional deep neural networks and transfer learning},
  author={Singh, Jaswinder and Hanson, Jack and Paliwal, Kuldip and Zhou, Yaoqi},
  journal={Nature communications},
  volume={10},
  number={1},
  pages={1--13},
  year={2019},
  publisher={Nature Publishing Group}
}

@article{apolloni2003rna,
  title={RNA Secondary Structure Prediction by MFT Neural Networks},
  author={Apolloni, B and Lotorto, L and Morpurgo, A and Zanaboni, A},
  year={2003},
  publisher={World Scientific and Engineering Society Press}
}

@book{cocke1969programming,
  title={Programming languages and their compilers: Preliminary notes},
  author={Cocke, John},
  year={1969},
  publisher={New York University}
}

@article{younger1967recognition,
  title={Recognition and parsing of context-free languages in time n3},
  author={Younger, Daniel H},
  journal={Information and control},
  volume={10},
  number={2},
  pages={189--208},
  year={1967},
  publisher={Elsevier}
}

@article{kasami1966efficient,
  title={An efficient recognition and syntax-analysis algorithm for context-free languages},
  author={Kasami, Tadao},
  journal={Coordinated Science Laboratory Report no. R-257},
  year={1966},
  publisher={Coordinated Science Laboratory, University of Illinois at Urbana-Champaign}
}

@online{yacc,
  title="YaccConstructor [Электронный ресурс]",
  url={https://github.com/YaccConstructor},
  urldate="11.05.2021"
}

@online{jetbrains,
  title="JetBrains Programming Languages and Tools Lab [Электронный ресурс]",
  url={https://research.jetbrains.org/groups/plt_lab/},
  urldate="11.05.2021"
}

@inproceedings{azimov2018context,
  title={Context-free path querying by matrix multiplication},
  author={Azimov, Rustam and Grigorev, Semyon},
  booktitle={Proceedings of the 1st ACM SIGMOD Joint International Workshop on Graph Data Management Experiences \& Systems (GRADES) and Network Data Analytics (NDA)},
  pages={1--10},
  year={2018}
}

@inproceedings{he2016deep,
  title={Deep residual learning for image recognition},
  author={He, Kaiming and Zhang, Xiangyu and Ren, Shaoqing and Sun, Jian},
  booktitle={Proceedings of the IEEE conference on computer vision and pattern recognition},
  pages={770--778},
  year={2016}
}

@misc{chollet2015keras,
  title={Keras},
  author={Chollet, Fran\c{c}ois and others},
  year={2015},
  howpublished={\url{https://keras.io}},
}

@misc{tensorflow2015-whitepaper,
title={ {TensorFlow}: Large-Scale Machine Learning on Heterogeneous Systems},
url={https://www.tensorflow.org/},
note={Software available from tensorflow.org},
author={
    Mart\'{\i}n~Abadi and
    Ashish~Agarwal and
    Paul~Barham and
    Eugene~Brevdo and
    Zhifeng~Chen and
    Craig~Citro and
    Greg~S.~Corrado and
    Andy~Davis and
    Jeffrey~Dean and
    Matthieu~Devin and
    Sanjay~Ghemawat and
    Ian~Goodfellow and
    Andrew~Harp and
    Geoffrey~Irving and
    Michael~Isard and
    Yangqing Jia and
    Rafal~Jozefowicz and
    Lukasz~Kaiser and
    Manjunath~Kudlur and
    Josh~Levenberg and
    Dandelion~Man\'{e} and
    Rajat~Monga and
    Sherry~Moore and
    Derek~Murray and
    Chris~Olah and
    Mike~Schuster and
    Jonathon~Shlens and
    Benoit~Steiner and
    Ilya~Sutskever and
    Kunal~Talwar and
    Paul~Tucker and
    Vincent~Vanhoucke and
    Vijay~Vasudevan and
    Fernanda~Vi\'{e}gas and
    Oriol~Vinyals and
    Pete~Warden and
    Martin~Wattenberg and
    Martin~Wicke and
    Yuan~Yu and
    Xiaoqiang~Zheng},
  year={2015},
}

@article{kerpedjiev2015forna,
  title={Forna (force-directed RNA): Simple and effective online RNA secondary structure diagrams},
  author={Kerpedjiev, Peter and Hammer, Stefan and Hofacker, Ivo L},
  journal={Bioinformatics},
  volume={31},
  number={20},
  pages={3377--3379},
  year={2015},
  publisher={Oxford University Press}
}

@article{andronescu2008rna,
  title={RNA STRAND: the RNA secondary structure and statistical analysis database},
  author={Andronescu, Mirela and Bereg, Vera and Hoos, Holger H and Condon, Anne},
  journal={BMC bioinformatics},
  volume={9},
  number={1},
  pages={1--10},
  year={2008},
  publisher={Springer}
}

@article{duchi2011adaptive,
  title={Adaptive subgradient methods for online learning and stochastic optimization.},
  author={Duchi, John and Hazan, Elad and Singer, Yoram},
  journal={Journal of machine learning research},
  volume={12},
  number={7},
  year={2011}
}

@article{grigorev2020secondary,
  title={Secondary structure prediction by combination of formal grammars and neural networks},
  author={Grigorev, Semyon and Kutlenkov, Dmitry and Lunina, Polina},
  journal={BMC Bioinformatics},
  volume={21},
  number={SUPPL 20},
  year={2020},
  publisher={BioMed Central}
}




