@article{hofacker1999automatic,
  title={Automatic detection of conserved base pairing patterns in RNA virus genomes},
  author={Hofacker, Ivo L and Stadler, Peter F},
  journal={Computers \& chemistry},
  volume={23},
  number={3-4},
  pages={401--414},
  year={1999},
  publisher={Elsevier}
}

@article{tahi2002automatic,
  title={Automatic RNA secondary structure prediction with a comparative approach},
  author={Tahi, Fariza and Gouy, Manolo and R{\'e}gnier, Mireille},
  journal={Computers \& chemistry},
  volume={26},
  number={5},
  pages={521--530},
  year={2002},
  publisher={Elsevier}
}

@article{hamada2009prediction,
  title={Prediction of RNA secondary structure using generalized centroid estimators},
  author={Hamada, Michiaki and Kiryu, Hisanori and Sato, Kengo and Mituyama, Toutai and Asai, Kiyoshi},
  journal={Bioinformatics},
  volume={25},
  number={4},
  pages={465--473},
  year={2009},
  publisher={Oxford University Press}
}

@article{eddy1994rna,
  title={RNA sequence analysis using covariance models},
  author={Eddy, Sean R and Durbin, Richard},
  journal={Nucleic acids research},
  volume={22},
  number={11},
  pages={2079--2088},
  year={1994},
  publisher={Oxford University Press}
}

@article{do2006contrafold,
  title={CONTRAfold: RNA secondary structure prediction without physics-based models},
  author={Do, Chuong B and Woods, Daniel A and Batzoglou, Serafim},
  journal={Bioinformatics},
  volume={22},
  number={14},
  pages={e90--e98},
  year={2006},
  publisher={Oxford University Press}
}

@article{knudsen2003pfold,
  title={Pfold: RNA secondary structure prediction using stochastic context-free grammars},
  author={Knudsen, Bjarne and Hein, Jotun},
  journal={Nucleic acids research},
  volume={31},
  number={13},
  pages={3423--3428},
  year={2003},
  publisher={Oxford University Press}
}

@article{nebel2011evaluation,
  title={Evaluation of a sophisticated SCFG design for RNA secondary structure prediction},
  author={Nebel, Markus E and Scheid, Anika},
  journal={Theory in Biosciences},
  volume={130},
  number={4},
  pages={313--336},
  year={2011},
  publisher={Springer}
}

@inproceedings{higashi2009bacteria,
  title={Bacteria classification based on 16S ribosomal gene using artificial neural networks},
  author={Higashi, SUSAN and Hungria, Mariangela and Brunetto, MADC},
  booktitle={Proceedings of the 8th WSEAS International Conference on Computational intelligence, man-machine systems and cybernetics},
  pages={86--91},
  year={2009}
}

@article{sherman2017humidor,
  title={Humidor: Microbial community classification of the 16s gene by training cigar strings with convolutional neural networks},
  author={Sherman, Douglas},
  year={2017}
}

@conference{grigorevcomposition,
author={Semyon Grigorev. and Polina Lunina.},
title={The Composition of Dense Neural Networks and Formal Grammars for Secondary Structure Analysis},
booktitle={Proceedings of the 12th International Joint Conference on Biomedical Engineering Systems and Technologies - Volume 3 BIOINFORMATICS: BIOINFORMATICS,},
year={2019},
pages={234-241},
publisher={SciTePress},
organization={INSTICC},
doi={10.5220/0007472302340241},
isbn={978-989-758-353-7},
}

@inproceedings{lunina2019secondary,
  title={On Secondary Structure Analysis by Using Formal Grammars and Artificial Neural Networks},
  author={Lunina, Polina and Grigorev, Semyon},
  booktitle={International Meeting on Computational Intelligence Methods for Bioinformatics and Biostatistics},
  pages={193--203},
  year={2019},
  organization={Springer}
}

@conference{MQbioinformatics19,
author={Michela Quadrini. and Emanuela Merelli. and Riccardo Piergallini.},
title={Loop Grammars to Identify RNA Structural Patterns},
booktitle={Proceedings of the 12th International Joint Conference on Biomedical Engineering Systems and Technologies - Volume 3 BIOINFORMATICS: BIOINFORMATICS,},
year={2019},
pages={302-309},
publisher={SciTePress},
organization={INSTICC},
doi={10.5220/0007576603020309},
isbn={978-989-758-353-7},
}

@inproceedings{Azimov:2018:CPQ:3210259.3210264,
author = {Azimov, Rustam and Grigorev, Semyon},
title = {Context-Free Path Querying by Matrix Multiplication},
year = {2018},
isbn = {9781450356954},
publisher = {Association for Computing Machinery},
address = {New York, NY, USA},
url = {https://doi.org/10.1145/3210259.3210264},
doi = {10.1145/3210259.3210264},
booktitle = {Proceedings of the 1st ACM SIGMOD Joint International Workshop on Graph Data Management Experiences \& Systems (GRADES) and Network Data Analytics (NDA)},
articleno = {Article 5},
numpages = {10},
keywords = {context-free path querying, matrix multiplication, context-free grammar, graph databases, GPGPU, transitive closure},
location = {Houston, Texas},
series = {GRADES-NDA â€™18}
}

@inproceedings{he2016deep,
  title={Deep residual learning for image recognition},
  author={He, Kaiming and Zhang, Xiangyu and Ren, Shaoqing and Sun, Jian},
  booktitle={Proceedings of the IEEE conference on computer vision and pattern recognition},
  pages={770--778},
  year={2016}
}