
% Journals

% First the Full Name is given, then the abbreviation used in the AMS Math
% Reviews, with an indication if it could not be found there.
% Note the 2nd overwrites the 1st, so swap them if you want the full name.

 %{AMS}
 @String{AMSTrans = "American Mathematical Society Translations" }
 @String{AMSTrans = "Amer. Math. Soc. Transl." }
 @String{BullAMS = "Bulletin of the American Mathematical Society" }
 @String{BullAMS = "Bull. Amer. Math. Soc." }
 @String{ProcAMS = "Proceedings of the American Mathematical Society" }
 @String{ProcAMS = "Proc. Amer. Math. Soc." }
 @String{TransAMS = "Transactions of the American Mathematical Society" }
 @String{TransAMS = "Trans. Amer. Math. Soc." }

 %ACM
 @String{CACM = "Communications of the {ACM}" }
 @String{CACM = "Commun. {ACM}" }
 @String{CompServ = "Comput. Surveys" }
 @String{JACM = "J. ACM" }
 @String{ACMMathSoft = "{ACM} Transactions on Mathematical Software" }
 @String{ACMMathSoft = "{ACM} Trans. Math. Software" }
 @String{SIGNUM = "{ACM} {SIGNUM} Newsletter" }
 @String{SIGNUM = "{ACM} {SIGNUM} Newslett." }

 @String{AmerSocio = "American Journal of Sociology" }
 @String{AmerStatAssoc = "Journal of the American Statistical Association" }
 @String{AmerStatAssoc = "J. Amer. Statist. Assoc." }
 @String{ApplMathComp = "Applied Mathematics and Computation" }
 @String{ApplMathComp = "Appl. Math. Comput." }
 @String{AmerMathMonthly = "American Mathematical Monthly" }
 @String{AmerMathMonthly = "Amer. Math. Monthly" }
 @String{BIT = "{BIT}" }
 @String{BritStatPsych = "British Journal of Mathematical and Statistical
          Psychology" }
 @String{BritStatPsych = "Brit. J. Math. Statist. Psych." }
 @String{CanMathBull = "Canadian Mathematical Bulletin" }
 @String{CanMathBull = "Canad. Math. Bull." }
 @String{CompApplMath = "Journal of Computational and Applied Mathematics" }
 @String{CompApplMath = "J. Comput. Appl. Math." }
 @String{CompPhys = "Journal of Computational Physics" }
 @String{CompPhys = "J. Comput. Phys." }
 @String{CompStruct = "Computers and Structures" }
 @String{CompStruct = "Comput. \& Structures" }
 @String{CompJour = "The Computer Journal" }
 @String{CompJour = "Comput. J." }
 @String{CompSysSci = "Journal of Computer and System Sciences" }
 @String{CompSysSci = "J. Comput. System Sci." }
 @String{Computing = "Computing" }
 @String{ContempMath = "Contemporary Mathematics" }
 @String{ContempMath = "Contemp. Math." }
 @String{Crelle = "Crelle's Journal" }
 @String{GiornaleMath = "Giornale di Mathematiche" }
 @String{GiornaleMath = "Giorn. Mat." } % didn't find in AMS MR., ibid.

 %IEEE
 @String{Computer = "{IEEE} Computer" }
 @String{IEEETransComp = "{IEEE} Transactions on Computers" }
 @String{IEEETransComp = "{IEEE} Trans. Comput." }
 @String{IEEETransAC = "{IEEE} Transactions on Automatic Control" }
 @String{IEEETransAC = "{IEEE} Trans. Automat. Control" }
 @String{IEEESpec = "{IEEE} Spectrum" } % didn't find in AMS MR
 @String{ProcIEEE = "Proceedings of the {IEEE}" }
 @String{ProcIEEE = "Proc. {IEEE}" } % didn't find in AMS MR
 @String{IEEETransAeroElec = "{IEEE} Transactions on Aerospace and Electronic
     Systems" }
 @String{IEEETransAeroElec = "{IEEE} Trans. Aerospace Electron. Systems" }

 @String{IMANumerAna = "{IMA} Journal of Numerical Analysis" }
 @String{IMANumerAna = "{IMA} J. Numer. Anal." }
 @String{InfProcLet = "Information Processing Letters" }
 @String{InfProcLet = "Inform. Process. Lett." }
 @String{InstMathApp = "Journal of the Institute of Mathematics and
     its Applications" }
 @String{InstMathApp = "J. Inst. Math. Appl." }
 @String{IntControl = "International Journal of Control" }
 @String{IntControl = "Internat. J. Control" }
 @String{IntNumerEng = "International Journal for Numerical Methods in
     Engineering" }
 @String{IntNumerEng = "Internat. J. Numer. Methods Engrg." }
 @String{IntSuper = "International Journal of Supercomputing Applications" }
 @String{IntSuper = "Internat. J. Supercomputing Applic." } % didn't find
%% in AMS MR
 @String{Kibernetika = "Kibernetika" }
 @String{JResNatBurStand = "Journal of Research of the National Bureau
     of Standards" }
 @String{JResNatBurStand = "J. Res. Nat. Bur. Standards" }
 @String{LinAlgApp = "Linear Algebra and its Applications" }
 @String{LinAlgApp = "Linear Algebra Appl." }
 @String{MathAnaAppl = "Journal of Mathematical Analysis and Applications" }
 @String{MathAnaAppl = "J. Math. Anal. Appl." }
 @String{MathAnnalen = "Mathematische Annalen" }
 @String{MathAnnalen = "Math. Ann." }
 @String{MathPhys = "Journal of Mathematical Physics" }
 @String{MathPhys = "J. Math. Phys." }
 @String{MathComp = "Mathematics of Computation" }
 @String{MathComp = "Math. Comp." }
 @String{MathScand = "Mathematica Scandinavica" }
 @String{MathScand = "Math. Scand." }
 @String{TablesAidsComp = "Mathematical Tables and Other Aids to Computation" }
 @String{TablesAidsComp = "Math. Tables Aids Comput." }
 @String{NumerMath = "Numerische Mathematik" }
 @String{NumerMath = "Numer. Math." }
 @String{PacificMath = "Pacific Journal of Mathematics" }
 @String{PacificMath = "Pacific J. Math." }
 @String{ParDistComp = "Journal of Parallel and Distributed Computing" }
 @String{ParDistComp = "J. Parallel and Distrib. Comput." } % didn't find
%% in AMS MR
 @String{ParComputing = "Parallel Computing" }
 @String{ParComputing = "Parallel Comput." }
 @String{PhilMag = "Philosophical Magazine" }
 @String{PhilMag = "Philos. Mag." }
 @String{ProcNAS = "Proceedings of the National Academy of Sciences
                    of the USA" }
 @String{ProcNAS = "Proc. Nat. Acad. Sci. U. S. A." }
 @String{Psychometrika = "Psychometrika" }
 @String{QuartMath = "Quarterly Journal of Mathematics, Oxford, Series (2)" }
 @String{QuartMath = "Quart. J. Math. Oxford Ser. (2)" }
 @String{QuartApplMath = "Quarterly of Applied Mathematics" }
 @String{QuartApplMath = "Quart. Appl. Math." }
 @String{RevueInstStat = "Review of the International Statisical Institute" }
 @String{RevueInstStat = "Rev. Inst. Internat. Statist." }

 %SIAM
 @String{JSIAM = "Journal of the Society for Industrial and Applied
     Mathematics" }
 @String{JSIAM = "J. Soc. Indust. Appl. Math." }
 @String{JSIAMB = "Journal of the Society for Industrial and Applied
     Mathematics, Series B, Numerical Analysis" }
 @String{JSIAMB = "J. Soc. Indust. Appl. Math. Ser. B Numer. Anal." }
 @String{SIAMAlgMeth = "{SIAM} Journal on Algebraic and Discrete Methods" }
 @String{SIAMAlgMeth = "{SIAM} J. Algebraic Discrete Methods" }
 @String{SIAMAppMath = "{SIAM} Journal on Applied Mathematics" }
 @String{SIAMAppMath = "{SIAM} J. Appl. Math." }
 @String{SIAMComp = "{SIAM} Journal on Computing" }
 @String{SIAMComp = "{SIAM} J. Comput." }
 @String{SIAMMatrix = "{SIAM} Journal on Matrix Analysis and Applications" }
 @String{SIAMMatrix = "{SIAM} J. Matrix Anal. Appl." }
 @String{SIAMNumAnal = "{SIAM} Journal on Numerical Analysis" }
 @String{SIAMNumAnal = "{SIAM} J. Numer. Anal." }
 @String{SIAMReview = "{SIAM} Review" }
 @String{SIAMReview = "{SIAM} Rev." }
 @String{SIAMSciStat = "{SIAM} Journal on Scientific and Statistical
     Computing" }
 @String{SIAMSciStat = "{SIAM} J. Sci. Statist. Comput." }

 @String{SoftPracExp = "Software Practice and Experience" }
 @String{SoftPracExp = "Software Prac. Experience" } % didn't find in AMS MR
 @String{StatScience = "Statistical Science" }
 @String{StatScience = "Statist. Sci." }
 @String{Techno = "Technometrics" }
 @String{USSRCompMathPhys = "{USSR} Computational Mathematics and Mathematical
     Physics" }
 @String{USSRCompMathPhys = "{U. S. S. R.} Comput. Math. and Math. Phys." }
 @String{VLSICompSys = "Journal of {VLSI} and Computer Systems" }
 @String{VLSICompSys = "J. {VLSI} Comput. Syst." }
 @String{ZAngewMathMech = "Zeitschrift fur Angewandte Mathematik und
     Mechanik" }
 @String{ZAngewMathMech = "Z. Angew. Math. Mech." }
 @String{ZAngewMathPhys = "Zeitschrift fur Angewandte Mathematik und Physik" }
 @String{ZAngewMathPhys = "Z. Angew. Math. Phys." }

% Publishers % ================================================= |

 @String{Academic = "Academic Press" }
 @String{ACMPress = "{ACM} Press" }
 @String{AdamHilger = "Adam Hilger" }
 @String{AddisonWesley = "Addison-Wesley" }
 @String{AllynBacon = "Allyn and Bacon" }
 @String{AMS = "American Mathematical Society" }
 @String{Birkhauser = "Birkha{\"u}ser" }
 @String{CambridgePress = "Cambridge University Press" }
 @String{Chelsea = "Chelsea" }
 @String{ClaredonPress = "Claredon Press" }
 @String{DoverPub = "Dover Publications" }
 @String{Eyolles = "Eyolles" }
 @String{HoltRinehartWinston = "Holt, Rinehart and Winston" }
 @String{Interscience = "Interscience" }
 @String{JohnsHopkinsPress = "The Johns Hopkins University Press" }
 @String{JohnWileySons = "John Wiley and Sons" }
 @String{Macmillan = "Macmillan" }
 @String{MathWorks = "The Math Works Inc." }
 @String{McGrawHill = "McGraw-Hill" }
 @String{NatBurStd = "National Bureau of Standards" }
 @String{NorthHolland = "North-Holland" }
 @String{OxfordPress = "Oxford University Press" }  %address Oxford or London?
 @String{PergamonPress = "Pergamon Press" }
 @String{PlenumPress = "Plenum Press" }
 @String{PrenticeHall = "Prentice-Hall" }
 @String{SIAMPub = "{SIAM} Publications" }
 @String{Springer = "Springer-Verlag" }
 @String{TexasPress = "University of Texas Press" }
 @String{VanNostrand = "Van Nostrand" }
 @String{WHFreeman = "W. H. Freeman and Co." }

%Entries

@article{doi:10.1137/S0097539798337716,
	author = {C. Barrett et al.},
	title = {Formal-Language-Constrained Path Problems},
	journal = {SIAM Journal on Computing},
	volume = {30},
	number = {3},
	pages = {809-837},
	year = {2000},
	doi = {10.1137/S0097539798337716},
	URL = {https://doi.org/10.1137/S0097539798337716},
	eprint = { https://doi.org/10.1137/S0097539798337716}
}

@InProceedings{10.1007/978-3-319-46523-4_38,
	author="Xiaowang Zhang et al.",
	title="Context-Free Path Queries on RDF Graphs",
	booktitle="The Semantic Web -- ISWC 2016",
	year="2016",
	publisher="Springer International Publishing",
	address="Cham",
	pages="632--648",
	abstract="Navigational graph queries are an important class of queries that can extract implicit binary relations over the nodes of input graphs. Most of the navigational query languages used in the RDF community, e.g. property paths in W3C SPARQL 1.1 and nested regular expressions in nSPARQL, are based on the regular expressions. It is known that regular expressions have limited expressivity; for instance, some natural queries, like same generation-queries, are not expressible with regular expressions. To overcome this limitation, in this paper, we present cfSPARQL, an extension of SPARQL query language equipped with context-free grammars. The cfSPARQL language is strictly more expressive than property paths and nested expressions. The additional expressivity can be used for modelling graph similarities, graph summarization and ontology alignment. Despite the increasing expressivity, we show that cfSPARQL still enjoys a low computational complexity and can be evaluated efficiently.",
	isbn="978-3-319-46523-4"
}

@inproceedings{Zheng,
	author = {Xin Zheng et al.},
	title = {Demand-driven Alias Analysis for C},
	booktitle = {Proceedings of the 35th Annual ACM SIGPLAN-SIGACT Symposium on Principles of Programming Languages},
	series = {POPL '08},
	year = {2008},
	isbn = {978-1-59593-689-9},
	location = {San Francisco, California, USA},
	pages = {197--208},
	numpages = {12},
	url = {http://doi.acm.org/10.1145/1328438.1328464},
	doi = {10.1145/1328438.1328464},
	acmid = {1328464},
	publisher = {ACM},
	address = {New York, NY, USA},
	keywords = {CFL reachability, alias analysis, demand-driven analysis, memory disambiguation, pointer analysis},
}

@article{10.1145/373243.360208,
	author = {Jakob Rehof et al.},
	title = {Type-Base Flow Analysis: From Polymorphic Subtyping to CFL-Reachability},
	year = {2001},
	issue_date = {March 2001},
	publisher = {Association for Computing Machinery},
	address = {New York, NY, USA},
	volume = {36},
	number = {3},
	issn = {0362-1340},
	url = {https://doi.org/10.1145/373243.360208},
	doi = {10.1145/373243.360208},
	journal = {SIGPLAN Not.},
	month = jan,
	pages = {54--66},
	numpages = {13}
}

@article { SubgraphQueriesbyContextfreeGrammars,
	author = "Petteri Sevon et al.",
	title = "Subgraph Queries by Context-free Grammars",
	journal = "Journal of Integrative Bioinformatics",
	year = "2008",
	publisher = "De Gruyter",
	address = "Berlin, Boston",
	volume = "5",
	number = "2",
	doi = "https://doi.org/10.1515/jib-2008-100",
	pages=      "157 -- 172",
	url = "https://www.degruyter.com/view/journals/jib/5/2/article-p157.xml"
}

@INPROCEEDINGS{8731467, author={H. {Miao} et al.}, booktitle={2019 IEEE 35th International Conference on Data Engineering (ICDE)}, title={Understanding Data Science Lifecycle Provenance via Graph Segmentation and Summarization}, year={2019}, volume={}, number={}, pages={1710-1713},}

@inproceedings{Yannakakis,
	author = {Yannakakis, Mihalis},
	title = {Graph-theoretic Methods in Database Theory},
	booktitle = {Proceedings of the Ninth ACM SIGACT-SIGMOD-SIGART Symposium on Principles of Database Systems},
	series = {PODS '90},
	year = {1990},
	isbn = {0-89791-352-3},
	location = {Nashville, Tennessee, USA},
	pages = {230--242},
	numpages = {13},
	url = {http://doi.acm.org/10.1145/298514.298576},
	doi = {10.1145/298514.298576},
	acmid = {298576},
	publisher = {ACM},
	address = {New York, NY, USA},
}

@article{hellingsPathQuerying,
	title={Querying for Paths in Graphs using Context-Free Path Queries},
	author={Hellings, Jelle},
	journal={arXiv preprint arXiv:1502.02242},
	year={2015}
}

@inproceedings{hellingsRelational,
	title={Conjunctive context-free path queries},
	author={Hellings, Jelle},
	booktitle={Proceedings of ICDT'14},
	pages={119--130},
	year={2014}
}

@article{DBLP:journals/corr/Hellings15,
	author    = {Jelle Hellings},
	title     = {Path Results for Context-free Grammar Queries on Graphs},
	journal   = {CoRR},
	volume    = {abs/1502.02242},
	year      = {2015},
	url       = {http://arxiv.org/abs/1502.02242},
	archivePrefix = {arXiv},
	eprint    = {1502.02242},
	timestamp = {Mon, 13 Aug 2018 16:49:14 +0200},
	biburl    = {https://dblp.org/rec/journals/corr/Hellings15.bib},
	bibsource = {dblp computer science bibliography, https://dblp.org}
} 

@inproceedings{Medeiros:2018:EEC:3167132.3167265,
	author = {Ciro M. Medeiros et al.},
	title = {Efficient Evaluation of Context-free Path Queries for Graph Databases},
	booktitle = {Proceedings of the 33rd Annual ACM Symposium on Applied Computing},
	series = {SAC '18},
	year = {2018},
	isbn = {978-1-4503-5191-1},
	location = {Pau, France},
	pages = {1230--1237},
	numpages = {8},
	url = {http://doi.acm.org/10.1145/3167132.3167265},
	doi = {10.1145/3167132.3167265},
	acmid = {3167265},
	publisher = {ACM},
	address = {New York, NY, USA},
	keywords = {context-free grammars, context-free paths in graphs, graph databases, query languages, top-down parsing},
}

@InProceedings{10.1007/978-3-319-91662-0_17,
	author="Santos, Fred C. et al.",
	editor="Mikkonen, Tommi
	and Klamma, Ralf
	and Hern{\'a}ndez, Juan",
	title="A Bottom-Up Algorithm for Answering Context-Free Path Queries in Graph Databases",
	booktitle="Web Engineering",
	year="2018",
	publisher="Springer International Publishing",
	address="Cham",
	pages="225--233",
	abstract="Many computing applications require processing of data that are directly collected from the Internet. In this context, the use of the Resource Description Framework (RDF) has became a common feature. The query and analysis of RDF data is paramount to explore the full potential of the data available on the Web. Query languages for RDF graph databases rely on the use of regular expressions to identify paths over the data. Some interesting queries, such as same-generation queries, cannot be expressed by regular expressions. We are interested in extending the expressiveness of queries over graph databases by using paths defined by context-free grammars. We introduce a new query algorithm to process context-free path queries over graph databases. Our approach is inspired by the LR(1) parsing techniques. A prototype was implemented and experiments were conducted to validate and compare the results of our algorithm with those obtained by similar approaches.",
	isbn="978-3-319-91662-0"
}

@inproceedings{Grigorev:2017:CPQ:3166094.3166104,
	author = {Semyon Grigorev et al.},
	title = {Context-free Path Querying with Structural Representation of Result},
	booktitle = {Proceedings of the 13th Central \& Eastern European Software Engineering Conference in Russia},
	series = {CEE-SECR '17},
	year = {2017},
	isbn = {978-1-4503-6396-9},
	location = {St. Petersburg, Russia},
	pages = {10:1--10:7},
	articleno = {10},
	numpages = {7},
	url = {http://doi.acm.org/10.1145/3166094.3166104},
	doi = {10.1145/3166094.3166104},
	acmid = {3166104},
	publisher = {ACM},
	address = {New York, NY, USA},
	keywords = {CFPQ, GLL, LL, context-free grammar, graph database, graph parsing, path query, top-down parsing},
}

@InProceedings{10.1007/978-3-319-41579-6_22,
	author="Ekaterina Verbitskaia et al.",
	editor="Mazzara, Manuel
	and Voronkov, Andrei",
	title="Relaxed Parsing of Regular Approximations of String-Embedded Languages",
	booktitle="Perspectives of System Informatics",
	year="2016",
	publisher="Springer International Publishing",
	address="Cham",
	pages="291--302",
	abstract="We present a technique for syntax analysis of a regular set of input strings. This problem is relevant for the analysis of string-embedded languages when a host program generates clauses of embedded language at run time. Our technique is based on a generalization of RNGLR algorithm, which, inherently, allows us to construct a finite representation of parse forest for regularly approximated set of input strings. This representation can be further utilized for semantic analysis and transformations in the context of reengineering, code maintenance, program understanding etc. The approach in question implements relaxed parsing: non-recognized strings in approximation set are ignored with no error detection.",
	isbn="978-3-319-41579-6"
}

@inproceedings{Verbitskaia:2018:PCC:3241653.3241655,
	author = {Ekaterina Verbitskaia et al.},
	title = {Parser Combinators for Context-free Path Querying},
	booktitle = {Proceedings of the 9th ACM SIGPLAN International Symposium on Scala},
	series = {Scala 2018},
	year = {2018},
	isbn = {978-1-4503-5836-1},
	location = {St. Louis, MO, USA},
	pages = {13--23},
	numpages = {11},
	url = {http://doi.acm.org/10.1145/3241653.3241655},
	doi = {10.1145/3241653.3241655},
	acmid = {3241655},
	publisher = {ACM},
	address = {New York, NY, USA},
	keywords = {Context-Free Language Reachability, Context-Free Path Querying, GLL, Generalized LL, Graph Databases, Language-Constrained Path Problem, Neo4j, Parser Combinators, Scala},
}

@inproceedings{Kuijpers:2019:ESC:3335783.3335791,
	author = {Jochem Kuijpers et al.},
	title = {An Experimental Study of Context-Free Path Query Evaluation Methods},
	booktitle = {Proceedings of the 31st International Conference on Scientific and Statistical Database Management},
	series = {SSDBM '19},
	year = {2019},
	isbn = {978-1-4503-6216-0},
	location = {Santa Cruz, CA, USA},
	pages = {121--132},
	numpages = {12},
	url = {http://doi.acm.org/10.1145/3335783.3335791},
	doi = {10.1145/3335783.3335791},
	acmid = {3335791},
	publisher = {ACM},
	address = {New York, NY, USA},
}

@article{valiant,
	title={General context-free recognition in less than cubic time},
	author={Valiant, Leslie G},
	journal={Journal of computer and system sciences},
	volume={10},
	number={2},
	pages={308--315},
	year={1975},
	publisher={Elsevier}
}

@INPROCEEDINGS{7761646,
	author={J. {Kepner} et al.},
	booktitle={2016 IEEE High Performance Extreme Computing Conference (HPEC)},
	title={Mathematical foundations of the GraphBLAS},
	year={2016},
	volume={},
	number={},
	pages={1-9},
	keywords={graph theory;mathematics computing;matrix algebra;programming environments;mathematical foundations;GraphBLAS standard;GraphBlas.org;matrix-based graph algorithms;matrix-based graph operations;programming environments;adjacency matrices;incidence matrices;matrix multiplication;matrix mathematics;Matrices;Sparse matrices;Finite element analysis;Standards;Additives},
	doi={10.1109/HPEC.2016.7761646},
	ISSN={},
	month={Sep.},}

@article{Davis2018Algorithm9S,
	author    = {Timothy A. Davis},
	title     = {Algorithm 1000: SuiteSparse: GraphBLAS: Graph Algorithms in the Language
	of Sparse Linear Algebra},
	journal   = {{ACM} Trans. Math. Softw.},
	volume    = {45},
	number    = {4},
	pages     = {44:1--44:25},
	year      = {2019},
	url       = {https://doi.org/10.1145/3322125},
	doi       = {10.1145/3322125},
	timestamp = {Mon, 27 Jan 2020 10:41:32 +0100},
	biburl    = {https://dblp.org/rec/journals/toms/Davis19.bib},
	bibsource = {dblp computer science bibliography, https://dblp.org}
}

@inproceedings{veduradabatch,
	author = {Jyothi Vedurada et al.},
	title = {Batch Alias Analysis},
	year = {2019},
	isbn = {9781728125084},
	publisher = {IEEE Press},
	url = {https://doi.org/10.1109/ASE.2019.00091},
	doi = {10.1109/ASE.2019.00091},
	booktitle = {Proceedings of the 34th IEEE/ACM International Conference on Automated Software Engineering},
	pages = {936--948},
	numpages = {13},
	location = {San Diego, California},
	series = {ASE '19}
}


@INPROCEEDINGS{8778293,
	author={P. {Cailliau} et al.},
	booktitle={2019 IEEE International Parallel and Distributed Processing Symposium Workshops (IPDPSW)},
	title={RedisGraph GraphBLAS Enabled Graph Database},
	year={2019},
	volume={},
	number={},
	pages={285-286},
	keywords={graph theory;matrix algebra;NoSQL databases;optimisation;sparse matrices;Redis module;Redis Labs;graph database functionality;Redis database;adjacency matrices;sparse matrices;highly optimized library;sparse matrix operations;RedisGraph GraphBLAS enabled graph database;Benchmark testing;Sparse matrices;Instruction sets;Time factors;Software algorithms;Distributed databases;graph;database;sparce matrices;graphblas;cypher},
	doi={10.1109/IPDPSW.2019.00054},
	ISSN={},
	month={May},}