@article{kup,
	author =       "Kuijpers J.",
	title =        "An experimental study of context-free path query evaluation methods",
	journal =      "Proceedings of the 31st International Conference on Scientific and Statistical Database Management.",
	pages =        "121--132",
	year =         "2019",
	DOI =          "https://doi.org/10.1145/3335783.3335791"
}

@article{dcsr,
	author =       "Buluç A., Gilbert J.",
	title =        "New Ideas in Sparse Matrix Matrix Multiplication",
	journal =      "Graph Algorithms in the language of linear algebra. – Society for Industrial and Applied Mathematics",
	pages =        "315--337",
	year =         "2011",
	DOI =          "https://doi.org/10.1137/1.9780898719918.ch14"
}


@article{gustavson,
	author = "Gustavson F. G.",     
	title =        "Two fast algorithms for sparse matrices: Multiplication and permuted transposition",
	journal =      "ACM Transactions on Mathematical Software (TOMS)",
	number =       "3",
	pages =        "250--269",
	year =         "1978",
	DOI =          "https://doi.org/10.1145/355791.355796"
}


@article{dalton,
	author =     "Dalton S., Olson L., Bell N.", 
	title =      "Optimizing sparse matrix—matrix multiplication for the gpu",
	journal =      "ACM Transactions on Mathematical Software (TOMS)",
	number =       "4",
	pages =        "1-20",
	year =         "2015",
	DOI =          "https://doi.org/10.1145/2699470"
}


@article{green,
	author =   "Green O., McColl R., Bader D. A.",
	title =        "A. GPU merge path: a GPU merging algorithm",
	journal =      "Proceedings of the 26th ACM international conference on Supercomputing",
	pages =        "331--340",
	year =         "2012",
	DOI =          "10.1145/2304576.2304621"
}

@article{matlab,
	author =   "Gilbert J. R., Moler C., Schreiber R.",
	title =        "Sparse matrices in MATLAB: Design and implementation",
	journal =      "SIAM Journal on Matrix Analysis and Applications",
	pages =        "333--356",
	year =         "1992",
	volume =       "13",
	number =        "1",
	DOI =          "10.1137/0613024"
}

@article{liu,
	author =      "Liu W., Vinter B. ",
	title =        "An efficient GPU general sparse matrix-matrix multiplication for irregular data",
	journal =      "2014 IEEE 28th International Parallel and Distributed Processing Symposium",
	pages =        "370--381",
	year =         "2014",
	DOI =          "10.1109/IPDPS.2014.47"
}

@article{jamro,
	author =      "Jamro E.",
	title =        "The algorithms for FPGA implementation of sparse matrices multiplication",
	journal =      "Computing and Informatics.",
	pages =        "667--684",
	year =         "2014"
}


@article{nagasaka,
	author =      "Nagasaka Y., Nukada A., Matsuoka S.",
	title =        "High-performance and memory-saving sparse general matrix-matrix multiplication for nvidia pascal gpu",
	journal =      "2017 46th International Conference on Parallel Processing (ICPP).",
	year =         "2017",
	pages =        "101--110",
	DOI =          "10.1109/ICPP.2017.19"
}

@online{graphblas,
	title        = "The GraphBLAS [Электронный ресурс]",
	howpublished = "GitHub Pages",
	url          = {https://graphblas.github.io/},
	urldate      = "08.05.2021",
	language     = "russian"
}

@online{suite_sparse,
	title        = "SUITESPARSE : A SUITE OF SPARSE MATRIX SOFTWARE [Электронный ресурс]",
	url          = {https://people.engr.tamu.edu/davis/suitesparse.html},
	urldate      = "08.05.2021",
	language     = "russian"
}

@online{khronos_wrap,
	title        = "OpenCL C++ Bindings
	 [Электронный ресурс]",
	url          = {https://github.khronos.org/OpenCL-CLHPP/},
	howpublished = "GitHub Pages",
	urldate      = "08.05.2021",
	language     = "russian"
}


@online{clbool,
	title        = "clBool
	[Электронный ресурс]",
	url          = {https://github.com/mkarpenkospb/clBool},
	howpublished = "github",
	urldate      = "15.05.2021",
	language     = "russian"
}

@online{graphblast,
	title        = "GraphBLAST
	[Электронный ресурс]",
	url          = {https://github.com/gunrock/graphblast},
	howpublished = "github",
	urldate      = "15.05.2021",
	language     = "russian"
}

@online{ssp_matrices,
	title        = "SuiteSparse Matrix Collection
	[Электронный ресурс]",
	url          = {https://sparse.tamu.edu/},
	urldate      = "12.05.2021",
	language     = "russian"
}

@online{nvidia,
	title        = "NVIDIA’s Next Generation
	CUDATM Compute Architecture [Электронный ресурс]",
	url          = {https://www.nvidia.com/content/PDF/fermi_white_papers/NVIDIA_Fermi_Compute_Architecture_Whitepaper.pdf},
	year         = 2009,
	urldate      = "12.05.2021",
	language     = "russian"
}


@online{cubool,
	title        = "cuBool [Электронный ресурс]",
	url          = {https://github.com/JetBrains-Research/cuBool},
	urldate      = "12.05.2021",
	language     = "russian"
}

@article{cfpq_all,
	author =      "Shemetova E.",
	title =        "One Algorithm to Evaluate Them All: Unified Linear Algebra Based Approach to Evaluate Both Regular and Context-Free Path Queries",
	journal =      "arXiv preprint arXiv:2103.14688.",
	year =         "2021"
}




